=LDR  02562 ai a22004335a 4500
=001  016834927
=003  Uk
=005  20140901171418.0
=006  s||\d|||||||0\\\a2
=007  cr\|||||||||||
=008  140822c\\\\9999\\\\\\\|o\\j\|\\\\\\eng\\
=FMT  \\$a  SE
=024  7\$astm20140338h$2local
=245  00$aEconomical exposition to flood
=260  \\$bGlobal Risk Data Platform
=264  31$c2011
=336  \\$acomputer dataset$2rdacontent
=336  \\$atext$2rdacontent
=337  \\$acomputer$2rdamedia
=338  \\$aonline resource$2rdacarrier
=506  \\$aData are free to access.
=516  \\$aGeoTiff; ArcInfo ASCII GRID; ERDAS Imagine.
=520  \\$aThis dataset includes an estimate of the annual economical exposition to flood. It is based on four sources: 1) A GIS modelling using a statistical estimation of peak-flow magnitude and a hydrological model using HydroSHEDS dataset and the Manning equation to estimate river stage for the calculated discharge value. 2) Observed flood from 1999 to 2007, obtained from the Dartmouth Flood Observatory (DFO). 3) The frequency was set using the frequency from UNEP/GRID-Europe PREVIEW flood dataset. In area where no information was available, it was set to 50 years returning period. 4) A population grid for the year 2010, provided by LandScanTM Global Population Database (Oak Ridge, TN: Oak Ridge National Laboratory). 4) A Global Domestic Product grid for the year 2010, provided by the World Bank. Unit is expected average annual GDP (2010 as the year of reference) exposed in (US {dollar}, year 2000 equivalent). This product was designed by UNEP/GRID-Europe for the Global Assessment Report on Risk Reduction (GAR). It was modelled using global data. Credit: GIS processing UNEP/GRID-Europe, with key support from USGS EROS Data Center, Dartmouth Flood Observatory 2008.
=540  \\$aThe data is to be used for non-profit making purposes only.
=584  \\$aAccepting data submissions: Yes.
=653  2\$aFlooding
=655  \7$aDataset.$2local
=655  \7$aReference data.$2local
=690  7\$aResearch Datasets Collection$2blcoll
=710  2\$aPascal Peduzzi
=856  40$yResearch Datasets Collection$bdatasets
=859  \\$aXLD$bdatasets
=CAT  \\$aRESDATASET$b00$c20140822$lBLL01$h1346
=CAT  \\$a11279$b40$c20140901$lBLL01$h1714
=CAT  \\$aBATCH-CORR$c20160706$lBLL01$h1110
=CAT  \\$aBATCH-UPD$b00$c20160706$lBLL01$h1110
=CAT  \\$aW1606-1753$c20171028$lBLL01$h1603
=SRC  \\$aBLDatasets$bdatasets20140822.xml
=LAS  \\$aW1606-1753$b00$c20171028$lBLL01$h1603

