=LDR  02077 mm a2200529 i 4500
=001  016834931
=003  Uk
=005  20150119135154.0
=006  s||\d|||||||0\\\a2
=007  cr\|||||||||||
=008  140822s2011\\\\sz\\\\\\o\\j\\\\\\\\eng\\
=FMT  \\$a  CF
=024  7\$astm20140338l$2local
=040  \\$aUk$beng$cUk$erda
=042  \\$aukblsr
=082  04$a363.3493$223
=245  00$aGlobal estimated risk index for flood hazard.
=264  \1$aGeneva :$bGlobal Risk Data Platform,$c2011.
=300  \\$a1 online resource
=336  \\$acomputer dataset$2rdacontent
=336  \\$atext$2rdacontent
=337  \\$acomputer$2rdamedia
=338  \\$aonline resource$2rdacarrier
=506  \\$aData are free to access.
=516  \\$aGeoTiff; ArcInfo ASCII GRID; ERDAS Imagine.
=520  3\$aThis dataset includes an estimate of the global risk induced by flood hazard. Unit is estimated risk index from 1 (low) to 5 (extreme). This product was designed by UNEP/GRID-Europe for the Global Assessment Report on Risk Reduction (GAR). It was modelled using global data. Credit: UNEP/GRID-Europe.
=540  \\$aThe data is to be used for non-profit making purposes only.
=584  \\$aAccepting data submissions: No.
=588  \\$aDescription based on contents viewed on January 19, 2015; title from Dataset homepage.
=650  \0$aFloods$xRisk assessment.
=653  2\$aFlooding
=655  \7$aDataset.$2local
=655  \7$aModelled data.$2local
=690  7\$aResearch Datasets Collection$2blcoll
=710  2\$aUNEP/GRID-Geneva.
=856  40$yResearch Datasets Collection$bdatasets
=859  \\$aXLD$bdatasets
=985  \\$a710 = new hdg.
=CAT  \\$aRESDATASET$b00$c20140822$lBLL01$h1346
=CAT  \\$a11279$b40$c20140901$lBLL01$h1715
=CAT  \\$a7332$b40$c20150119$lBLL01$h1351
=CAT  \\$aBATCH-CORR$c20160706$lBLL01$h1110
=CAT  \\$aBATCH-UPD$b00$c20160706$lBLL01$h1110
=CAT  \\$aW1606-1753$c20171028$lBLL01$h1603
=FIN  \\$aY$d20150119
=SRC  \\$aBLDatasets$bdatasets20140822.xml
=LAS  \\$aW1606-1753$b00$c20171028$lBLL01$h1603

